<?xml version="1.0" encoding="UTF-8"?>
<record xmlns="http://www.loc.gov/MARC21/slim">
   <leader>02230cam a2200541 a 4500</leader>
   <controlfield tag="001">829527</controlfield>
   <controlfield tag="005">19920610000000.0</controlfield>
   <controlfield tag="008">920824s1992    abca    rb   s100 0 eng d</controlfield>
   <datafield tag="016" ind1=" " ind2=" ">
      <subfield code="a">920820352</subfield>
   </datafield>
   <datafield tag="020" ind1=" " ind2=" ">
      <subfield code="a">0773209123</subfield>
   </datafield>
   <datafield tag="035" ind1=" " ind2=" ">
      <subfield code="a">ocm26260831</subfield>
   </datafield>
   <datafield tag="040" ind1=" " ind2=" ">
      <subfield code="a">CaOONL</subfield>
      <subfield code="b">eng</subfield>
      <subfield code="c">CaOONL</subfield>
   </datafield>
   <datafield tag="049" ind1=" " ind2=" ">
      <subfield code="a">AEU</subfield>
      <subfield code="b">eng</subfield>
   </datafield>
   <datafield tag="055" ind1="0" ind2="0">
      <subfield code="a">COP.AL.2.1992-201</subfield>
   </datafield>
   <datafield tag="055" ind1="0" ind2="1">
      <subfield code="a">QH323.5</subfield>
   </datafield>
   <datafield tag="082" ind1="0" ind2=" ">
      <subfield code="a">574/.01/5195</subfield>
      <subfield code="2">20</subfield>
   </datafield>
   <datafield tag="090" ind1=" " ind2=" ">
      <subfield code="a">TD 178.8 C212 V425 no. AECV92-P1 1991</subfield>
      <subfield code="b">AVEE</subfield>
   </datafield>
   <datafield tag="090" ind1=" " ind2=" ">
      <subfield code="a">QA 276 A1 A416 1991</subfield>
      <subfield code="b">AEEN</subfield>
   </datafield>
   <datafield tag="090" ind1="0" ind2=" ">
      <subfield code="a">QH 323.5 A422 1991</subfield>
   </datafield>
   <datafield tag="111" ind1="2" ind2=" ">
      <subfield code="a">All-Alberta Applied Statistics and Biometrics Workshop</subfield>
      <subfield code="n">(2nd :</subfield>
      <subfield code="d">1991 :</subfield>
      <subfield code="c">Edmonton, Alta.)</subfield>
   </datafield>
   <datafield tag="240" ind1="0" ind2="0">
      <subfield code="a">Program and proceedings of the second All-Alberta Applied Statistics and Biometrics Workshop /</subfield>
      <subfield code="c">organized by L.Z. Florence and L.A. Goonewardene.</subfield>
   </datafield>
   <datafield tag="245" ind1="1" ind2="0">
      <subfield code="a">Program and proceedings of the second All-Alberta Applied Statistics and Biometrics Workshop /</subfield>
      <subfield code="c">organized by L.Z. Florence and L.A. Goonewardene.</subfield>
   </datafield>
   <datafield tag="260" ind1=" " ind2=" ">
      <subfield code="a">[Vegreville] :</subfield>
      <subfield code="b">Alberta Environmental Centre,</subfield>
      <subfield code="c">[1992]</subfield>
   </datafield>
   <datafield tag="300" ind1=" " ind2=" ">
      <subfield code="a">vii, 108 p. :</subfield>
      <subfield code="b">ill. ;</subfield>
      <subfield code="c">28 cm.</subfield>
   </datafield>
   <datafield tag="336" ind1=" " ind2=" ">
      <subfield code="a">text</subfield>
      <subfield code="b">txt</subfield>
      <subfield code="2">rdacontent</subfield>
   </datafield>
   <datafield tag="337" ind1=" " ind2=" ">
      <subfield code="a">unmediated</subfield>
      <subfield code="b">n</subfield>
      <subfield code="2">rdamedia</subfield>
   </datafield>
   <datafield tag="338" ind1=" " ind2=" ">
      <subfield code="a">volume</subfield>
      <subfield code="b">nc</subfield>
      <subfield code="2">rdacarrier</subfield>
   </datafield>
   <datafield tag="490" ind1="1" ind2=" ">
      <subfield code="a">AECV92-P1</subfield>
   </datafield>
   <datafield tag="500" ind1=" " ind2=" ">
      <subfield code="a">Cover title: Workshop program &amp; proceedings.</subfield>
   </datafield>
   <datafield tag="500" ind1=" " ind2=" ">
      <subfield code="a">Co-published by Alberta Agricultural Research Institute and Alberta Agriculture.</subfield>
   </datafield>
   <datafield tag="500" ind1=" " ind2=" ">
      <subfield code="a">"October 21-22, 1991, Crowne Plaza, 10111 Bellamy Hill, Edmonton, Alberta, Canada".</subfield>
   </datafield>
   <datafield tag="500" ind1=" " ind2=" ">
      <subfield code="a">"AECV-92P1"-- Cover.</subfield>
   </datafield>
   <datafield tag="504" ind1=" " ind2=" ">
      <subfield code="a">Includes bibliographical references.</subfield>
   </datafield>
   <datafield tag="596" ind1=" " ind2=" ">
      <subfield code="a">2 15 38</subfield>
   </datafield>
   <datafield tag="650" ind1=" " ind2="0">
      <subfield code="a">Biometry</subfield>
      <subfield code="v">Congresses.</subfield>
   </datafield>
   <datafield tag="650" ind1=" " ind2="0">
      <subfield code="a">Agriculture</subfield>
      <subfield code="v">Statistics</subfield>
      <subfield code="v">Congresses.</subfield>
   </datafield>
   <datafield tag="700" ind1="1" ind2=" ">
      <subfield code="a">Florence, L. Z.</subfield>
      <subfield code="q">(L. Zack)</subfield>
   </datafield>
   <datafield tag="700" ind1="1" ind2=" ">
      <subfield code="a">Goonewardene, Laksiri Anura.</subfield>
   </datafield>
   <datafield tag="710" ind1="2" ind2=" ">
      <subfield code="a">Alberta Environmental Centre.</subfield>
   </datafield>
   <datafield tag="710" ind1="2" ind2=" ">
      <subfield code="a">Alberta Agricultural Research Institute.</subfield>
   </datafield>
   <datafield tag="710" ind1="1" ind2=" ">
      <subfield code="a">Alberta.</subfield>
      <subfield code="b">Alberta Agriculture.</subfield>
   </datafield>
   <datafield tag="740" ind1="0" ind2=" ">
      <subfield code="a">Workshop program &amp; proceedings.</subfield>
   </datafield>
   <datafield tag="830" ind1=" " ind2="0">
      <subfield code="a">AECV92-P1</subfield>
   </datafield>
   <datafield tag="830" ind1=" " ind2="0">
      <subfield code="a">Publication (Alberta Environmental Centre) ;</subfield>
      <subfield code="v">AECV92-P1.</subfield>
   </datafield>
   <datafield tag="926" ind1=" " ind2=" ">
      <subfield code="a">AGL_CAP</subfield>
      <subfield code="b">ON_SHELF</subfield>
      <subfield code="c">QA 276 A1 A416 1991</subfield>
      <subfield code="d">BOOK</subfield>
      <subfield code="f">1</subfield>
   </datafield>
   <datafield tag="926" ind1=" " ind2=" ">
      <subfield code="a">AGL_CAP</subfield>
      <subfield code="b">ARCHIVES</subfield>
      <subfield code="c">QA 276 A1 A416 1991</subfield>
      <subfield code="d">NO_LOAN</subfield>
      <subfield code="f">2</subfield>
   </datafield>
   <datafield tag="926" ind1=" " ind2=" ">
      <subfield code="a">AITF_VEG</subfield>
      <subfield code="b">ON_SHELF</subfield>
      <subfield code="c">TD 178.8 C212 V425 no. AECV92-P1 1991</subfield>
      <subfield code="d">BOOK</subfield>
      <subfield code="f">1</subfield>
   </datafield>
   <datafield tag="926" ind1=" " ind2=" ">
      <subfield code="a">AITF_VEG</subfield>
      <subfield code="b">ON_SHELF</subfield>
      <subfield code="c">TD 178.8 C212 V425 no. AECV92-P1 1991</subfield>
      <subfield code="d">BOOK</subfield>
      <subfield code="f">2</subfield>
   </datafield>
   <datafield tag="926" ind1=" " ind2=" ">
      <subfield code="a">UABARD</subfield>
      <subfield code="b">ON_SHELF</subfield>
      <subfield code="c">QH 323.5 A422 1991</subfield>
      <subfield code="d">BOOK</subfield>
      <subfield code="f">1</subfield>
   </datafield>
</record>
